@online{rv-spec,
  url = {https://github.com/riscv/riscv-isa-manual/releases/download/Ratified-IMAFDQC/riscv-spec-20191213.pdf},
  urldate = {2022-03-29},
  date = {2019-12-13},
  title = {The RISC-V Instruction Set Manual},
  organization = {University of California, Berkeley},
  author = {Andrew Waterman and Krste Asanovic}
}

@BOOK{modexp,
  title     = "The art of computer programming, volume 2",
  author    = "Knuth, Donald E",
  publisher = "Addison Wesley",
  edition   =  2,
  month     =  jan,
  year      =  1981,
  address   = "Boston, MA"
}

@article{divcnst,
  doi = {10.1145/773473.178249},
  url = {https://doi.org/10.1145/773473.178249},
  year = {1994},
  month = jun,
  publisher = {Association for Computing Machinery ({ACM})},
  volume = {29},
  number = {6},
  pages = {61--72},
  author = {Torbj\"{o}rn Granlund and Peter L. Montgomery},
  title = {Division by invariant integers using multiplication},
  journal = {{ACM} {SIGPLAN} Notices}
}
